@conference{pustejovsky2009semeval,
  title={{SemEval-2010 task 13: evaluating events, time expressions, and temporal relations (TempEval-2)}},
  author={Pustejovsky, J. and Verhagen, M.},
  booktitle={Proceedings of the Workshop on Semantic Evaluations: Recent Achievements and Future Directions},
  pages={112--116},
  year={2009},
  organization={Association for Computational Linguistics}
}
@conference{hepple2007usfd,
  title={{USFD: preliminary exploration of features and classifiers for the TempEval-2007 tasks}},
  author={Hepple, M. and Setzer, A. and Gaizauskas, R.},
  booktitle={Proceedings of the Fourth International Workshop on Semantic Evaluations (SemEval-2007)},
  pages={438--441},
  year={2007}
}
@conference{mani2000robust,
  title={{Robust temporal processing of news}},
  author={Mani, I. and Wilson, G.},
  booktitle={Proceedings of the 38th Annual Meeting on Association for Computational Linguistics},
  pages={69--76},
  year={2000},
  organization={Association for Computational Linguistics}
}
@conference{han2006language,
  title={{From language to time: A temporal expression anchorer}},
  author={Han, B. and Gates, D. and Levin, L.},
  booktitle={Temporal Representation and Reasoning, 2006. TIME 2006. Thirteenth International Symposium on},
  pages={196--203},
  year={2006}
}
@conference{ahn2005towards,
  title={{Towards task-based temporal extraction and recognition}},
  author={Ahn, D. and Adafre, S.F. and Rijke, MD},
  booktitle={Dagstuhl Seminar Proceedings},
  volume={5151},
  year={2005},
  organization={Citeseer}
}
@Article{ISO08,
 title={{24617-1: 2008}},
 author={ISO},
 journal={Language resources management--Semantic annotation framework (SemAF)--Part1: Time and events},
 note={ISO/TC 37/SC 4/WG 2},
 year={2008}
} 
@misc{ferro2005tides,
  title={{Tides 2005 standard for the annotation of temporal expressions}},
  author={Ferro, L. and Gerber, L. and Mani, I. and Sundheim, B. and Wilson, G.},
  year={2005}
}
@phdthesis{baldwin2002learning,
  title={{Learning temporal annotation of French news}},
  author={Baldwin, J.A.},
  year={2002},
  school={Georgetown University}
}
@conference{mazur2008s,
  title={{Whatâ€™s the date? High accuracy interpretation of weekday}},
  author={Mazur, P. and Dale, R.},
  booktitle={22nd International Conference on Computational Linguistics (Coling 2008), Manchester, UK},
  pages={553--560},
  year={2008}
}
