@conference{pustejovsky2009semeval,
  title={{SemEval-2010 task 13: evaluating events, time expressions, and temporal relations (TempEval-2)}},
  author={Pustejovsky, J. and Verhagen, M.},
  booktitle={Proceedings of the Workshop on Semantic Evaluations},
  pages={112--116},
  year={2009},
  organization={ACL}
}
@conference{hepple2007usfd,
  title={{USFD: preliminary exploration of features and classifiers for the TempEval-2007 tasks}},
  author={Hepple, M. and Setzer, A. and Gaizauskas, R.},
  booktitle={Proceedings of SemEval-2007},
  pages={438--441},
  year={2007}
}
@conference{mani2000robust,
  title={{Robust temporal processing of news}},
  author={Mani, I. and Wilson, G.},
  booktitle={Proceedings of the 38th Annual Meeting on ACL},
  pages={69--76},
  year={2000},
  organization={ACL}
}
@conference{han2006language,
  title={{From language to time: A temporal expression anchorer}},
  author={Han, B. and Gates, D. and Levin, L.},
  booktitle={Temporal Representation and Reasoning, 2006. TIME 2006. Thirteenth International Symposium on},
  pages={196--203},
  year={2006}
}
@conference{ahn2005towards,
  title={{Towards task-based temporal extraction and recognition}},
  author={Ahn, D. and Adafre, S.F. and Rijke, MD},
  booktitle={Dagstuhl Seminar Proceedings},
  volume={5151},
  year={2005}
}
@Article{ISO08,
 title={{24617-1: 2008}},
 author={ISO},
 journal={Language resources management--Semantic annotation framework (SemAF)--Part1: Time and events},
 note={ISO/TC 37/SC 4/WG 2},
 year={2008}
} 
@misc{ferro2005tides,
  title={{Tides 2005 standard for the annotation of temporal expressions}},
  author={Ferro, L. and Gerber, L. and Mani, I. and Sundheim, B. and Wilson, G.},
  year={2005}
}
@phdthesis{baldwin2002learning,
  title={{Learning temporal annotation of French news}},
  author={Baldwin, J.A.},
  year={2002},
  school={Georgetown University}
}
@conference{mazur2008s,
  title={{Whatâ€™s the date? High accuracy interpretation of weekday}},
  author={Mazur, P. and Dale, R.},
  booktitle={22nd International Conference on Computational Linguistics (Coling 2008), Manchester, UK},
  pages={553--560},
  year={2008}
}
@conference{mani2006machine,
  title={{Machine learning of temporal relations}},
  author={Mani, I. and Verhagen, M. and Wellner, B. and Lee, C.M. and Pustejovsky, J.},
  booktitle={Proceedings of the 21st International Conference on Computational Linguistics},
  pages={760},
  year={2006},
  organization={ACL}
}
@conference{derczynski2010signals,
  title={Using Signals to Improve Automatic Classification of Temporal Relations},
  author={Derczynski, L. and Gaizauskas, R.},
  organization={University of Sheffield},
  year={2010},
  note={Submitted to ESSLLI 2010}
}
@conference{cheng2007naist,
  title={{Temporal relation identification using dependency parsed tree}},
  author={Cheng, Y. and Asahara, M. and Matsumoto, Y.},
  booktitle={Proceedings of the 4th International Workshop on Semantic Evaluations},
  pages={245--248},
  year={2007},
  organization={ACL}
}
@conference{pustejovsky2003timebank,
  title={{The timebank corpus}},
  author={Pustejovsky, J. and Hanks, P. and Sauri, R. and See, A. and Gaizauskas, R. and Setzer, A. and Radev, D. and Sundheim, B. and Day, D. and Ferro, L. and others},
  booktitle={Corpus Linguistics},
  volume={2003},
  pages={40},
  year={2003}
}
@conference{min2007lcc,
  title={{LCC-TE: a hybrid approach to temporal relation identification in news text}},
  author={Min, C. and Srikanth, M. and Fowler, A.},
  booktitle={Proceedings of the 4th International Workshop on Semantic Evaluations},
  pages={219--222},
  year={2007},
  organization={ACL}
}
@inproceedings{1687936,
 author = {Yoshikawa, Katsumasa and Riedel, Sebastian and Asahara, Masayuki and Matsumoto, Yuji},
 title = {Jointly identifying temporal relations with Markov Logic},
 booktitle = {ACL-IJCNLP '09: Proceedings of 47th Annual Meeting of the ACL},
 year = {2009},
 isbn = {978-1-932432-45-9},
 pages = {405--413},
 location = {Suntec, Singapore},
 publisher = {ACL},
 address = {Morristown, NJ, USA},
 }
